@misc{loshchilov2019decoupledweightdecayregularization,
      title={Decoupled Weight Decay Regularization}, 
      author={Ilya Loshchilov and Frank Hutter},
      year={2019},
      eprint={1711.05101},
      archivePrefix={arXiv},
      primaryClass={cs.LG},
      url={https://arxiv.org/abs/1711.05101}, 
}

@inproceedings{sohan2024review,
  title={A review on yolov8 and its advancements},
  author={Sohan, Mupparaju and Sai Ram, Thotakura and Rami Reddy, Ch Venkata},
  booktitle={International Conference on Data Intelligence and Cognitive Informatics},
  pages={529--545},
  year={2024},
  organization={Springer}
}

@misc{rangeking2023yolov8,
  author       = {RangeKing and Glenn Jocher},
  title        = {Brief summary of YOLOv8 model structure},
  year         = {2023},
  howpublished = {\url{https://github.com/ultralytics/ultralytics/issues/189}},
  note         = {Accessed July 2025}
}

@misc{datature2024bytetrack,
  title = {Introduction to ByteTrack: Multi-Object Tracking by Associating Every Detection Box},
  author = {Datature},
  year = {2024},
  url = {https://datature.io/blog/introduction-to-bytetrack-multi-object-tracking-by-associating-every-detection-box},
  note = {Accessed: [insert access date]}
}